00582cas a22002291a 4500
001 999315793502836
003 Nz
005 20161223153132.0
008 040112d1942uuuunz  r ne      0   0 eng  
035    $a (NLNZils)931579
035    $a (Nz)8181427
035    $a (NLNZils)931579-ilsdb
035    $a (OCoLC)173422710
040    $a NZNB $c NZNB
042    $a nznb
043    $a u-nz---
245 00 $a Reefton weekly.
260    $a [Reefton, N.Z. : $b s.n., $c 1942-?]
310    $a Weekly
362 0  $a 1942 Nov.5-?
651  0 $a Reefton (N.Z.) $v Newspapers.
655  7 $a New Zealand newspapers. $2 local $5 Nz
